=LDR  02475 ai a2200601 a 4500
=001  012961399
=003  Uk
=005  20120118140446.0
=006  m\\\\\\\\d\|\\\\\\
=007  cr|cn|||||||||
=008  040730c200u9999enkwr\d\s\\\\\0\\\a2eng\\
=015  \\$aGBA522319$2bnb
=040  \\$aUk$beng$cUk$dUk
=042  \\$aukblsr
=082  04$a348.41$222
=245  00$aWestlaw UK$h[electronic resource] /$cfrom Sweet & Maxwell.
=260  \\$a[London?] :$bSweet & Maxwell.
=310  \\$aUpdated weekly
=336  \\$atext$2rdacontent
=337  \\$acomputer$2rdamedia
=338  \\$aonline resource$2rdacarrier
=500  \\$aTitle from search screen (viewed on 11 Mar. 2005).
=520  \\$aIncludes EU & UK legislation, law reports & case digests, citators & analysis (commencement, amendment, subsequent treatment, history etc), Legal Journals Index, Financial Journals Index Archive (-Mar. 2006), selected full text law journals, news & current awareness, Woodfall's law of landlord and tenant, and Palmer's company law.
=538  \\$aMode of access: World Wide Web.
=650  \0$aLaw reports, digests, etc.$zGreat Britain$vDatabases.
=650  \0$aLaw reports, digests, etc.$zEuropean Union countries$vDatabases.
=650  \0$aLaw$zGreat Britain$vDatabases.
=650  \0$aLaw$zEuropean Union countries$vDatabases.
=710  2\$aSweet & Maxwell.
=740  02$aLegal journals Index.
=740  02$aWoodfall's law of landlord and tenant.
=740  02$aPalmer's company law.
=852  41$aBritish Library$bHMNTS$je-media: SS&OP
=852  71$aBritish Library$bSTI
=856  40$uhttp://www.westlaw.co.uk$zFor subscribers only, requires user name and password; BL Reading Room access
=CAT  \\$a6946$b40$c20040730$lBLL01$h1017
=CAT  \\$a6946$b40$c20040730$lBLL01$h1030
=CAT  \\$a6946$b40$c20040731$lBLL01$h1246
=CAT  \\$a6946$b40$c20040806$lBLL01$h0914
=CAT  \\$a3072$b40$c20050311$lBLL01$h1510
=CAT  \\$a3072$b40$c20050322$lBLL01$h1656
=CAT  \\$a3072$b40$c20050427$lBLL01$h1342
=CAT  \\$a3072$b40$c20120117$lBLL01$h1540
=CAT  \\$a3072$b40$c20120117$lBLL01$h1542
=CAT  \\$a3072$b40$c20120117$lBLL01$h1642
=CAT  \\$a3072$b40$c20120117$lBLL01$h1644
=CAT  \\$a3072$b40$c20120117$lBLL01$h1647
=CAT  \\$a3072$b40$c20120117$lBLL01$h1650
=CAT  \\$a3072$b40$c20120118$lBLL01$h1404
=FIN  \\$aY$d20050322
=FMT  \\$a  SE
=LAS  \\$a3072$b40$c20120118$lBLL01$h1404
=TCO  \\$aCLA$bCLA$c008

