=LDR  02777 ai a2200697 a 4500
=001  007847355
=003  Uk
=005  20120131112840.0
=006  m\\\\\\\\d\|\\\\\\
=007  cr||||||||||||
=008  040409d199u201uenkuu\d\oi\\\\0\\\a2eng\\
=015  \\$aGBA537715$2bnb
=019  c\$a3005974
=040  \\$aUk$beng$cUk$dUk
=042  \\$aukblsr
=082  04$a016.37$222
=130  0\$aEducation index (Online)
=245  10$aEducation index$h[electronic resource].
=260  \\$a[New York, N.Y. ;$aLondon (Merlin House, 20 Belmont Terrace, Chiswick, W4 5UG) :$bOvid Technologies]
=336  \\$atext$2rdacontent
=337  \\$acomputer$2rdamedia
=338  \\$aonline resource$2rdacarrier
=500  \\$aDatabase runs on SilverPlatter's WebSPIRS program.
=500  \\$aTitle from database selection screen (viewed on 3 May 2005).
=520  \\$aIndexes articles from English-language periodicals and yearbooks published in the United States and elsewhere from 1983. Covers English-language books on education from 1995.
=530  \\$aAlso issued in print format.
=538  \\$aMode of access: World Wide Web.
=650  \0$aEducation$vIndexes.
=776  1\$tEducation index$x0013-1385
=787  0\$tEducation index (CD-ROM)$x1076-707X
=787  0\$tEducation abstracts (H.W. Wilson)
=852  41$aBritish Library$bHMNTS
=852  41$aBritish Library$bDSC$j3661.284600
=856  4\$uhttp://web5.silverplatter.com/webspirs/start.ws$zNo longer links to resource
=856  40$uhttp://vnweb.hwwilsonweb.com$zFor subscribers only, requires user name and password
=945  \\$aEDUCATION INDEX -ONLINE-.
=959  \\$fCurrently received
=985  \\$ano longer published; BL sub upgraded to Education abstracts (H.W. Wilson),01/2012, but not sure of exact relationship between the two.
=A02  \\$a3005974
=CAT  \\$aCONV$b00$c20040425$lBLL90$h0702
=CAT  \\$aCONV$b00$c20040502$lBLL01$h1233
=CAT  \\$a3072$b40$c20050503$lBLL01$h1610
=CAT  \\$a3072$b40$c20050503$lBLL01$h1617
=CAT  \\$a3072$b40$c20050818$lBLL01$h1554
=CAT  \\$a3072$b40$c20080909$lBLL01$h1602
=CAT  \\$aBATCH$b00$c20091208$lBLL01$h0257
=CAT  \\$aBATCH$b00$c20091214$lBLL01$h0311
=CAT  \\$aBATCH$b00$c20091216$lBLL01$h0052
=CAT  \\$a10902$b40$c20120124$lBLL01$h0906
=CAT  \\$a3072$b40$c20120124$lBLL01$h1557
=CAT  \\$a3072$b40$c20120131$lBLL01$h1023
=CAT  \\$a3072$b40$c20120131$lBLL01$h1024
=CAT  \\$a3072$b40$c20120131$lBLL01$h1128
=CAT  \\$aWR13.005$c20130329$lBLL01$h1212
=CAT  \\$aWR14_140$c20140905$lBLL01$h1723
=FIN  \\$aY
=FMT  \\$a  SE
=LAS  \\$aWR14_140$b00$c20140905$lBLL01$h1723
=LEO  \\$aMP10.0000202737
=SRC  \\$aDSS01$bbibmp10.200404.2.aa
=TCO  \\$aCLA$bCLA$c008

