=LDR  03902 am a2200793 a 4500
=001  015675591
=003  Uk
=005  20110919115125.0
=007  cr\mn|||||||||
=008  100525s2010\\\\dcua\\\\\b\\\i001\0\eng\\
=010  \\$a2010022090  
=015  \\$aGBB1A9715$2bnb
=016  \\$a101531828
=016  7\$a015675591$2Uk
=020  \\$a9780821384497 (pbk.)
=020  \\$a082138449X (pbk.)
=020  \\$a9780821384510 (electronic)
=020  \\$a0821384511 (electronic)
=035  \\$a(OCoLC)ocn632070611
=040  \\$aDNLM/DLC$cDLC$dNLM$dCDX$dYDXCP$dC#P$dVVK$dDLC$dUk
=042  \\$aukblcatcopy
=043  \\$aaz-----
=050  00$aRA643.86.S67$bT33 2010
=060  00$a2010 K-597
=060  10$aWC 503.7$bT118 2010
=082  00$a362.196979200954$222
=245  00$aTackling HIV-related stigma and discrimination in South Asia /$cAnne Stangl ... [et al.].
=260  \\$aWashington, D.C. :$bWorld Bank,$cc2010.
=300  \\$axxii, 205 p. :$bill. ;$c23 cm.
=336  \\$atext$2rdacontent
=337  \\$acomputer$2rdamedia
=338  \\$aonline resource$2rdacarrier
=490  1\$aDirections in development. Human development
=504  \\$aIncludes bibliographical references and index.
=505  0\$aMethods -- Program findings -- Capacity strengthening efforts and lessons learned -- Recommendations for action -- Using theater to reduce stigma and discrimination against men who have sex with men in rural south India -- Fighting internalized stigma among injecting drug users in Bangladesh: a combination program to support economic and social reintegration -- The gateway to public opinion: harnessing local journalists to fight stigma and discrimination in Bangladesh -- Taking it to the village: reducing stigma through traditional street theater in Tamil Nadu -- Celebrating those who care: a radio program by HIV-positive journalists in Maharashtra -- Ensuring dignity and rights among female sex workers in Bangalore: a community-led advocacy campaign to reduce stigma and discrimination -- Afghanistan -- Bangladesh -- India -- Nepal -- Pakistan -- Sri Lanka.
=538  \\$aSystem requirements: Adobe Acrobat Reader.
=650  \0$aAIDS (Disease)$zSouth Asia.
=650  \0$aStigma (Social psychology)$zSouth Asia.
=650  12$aHIV Infections$xpsychology$zAfghanistan.
=650  12$aHIV Infections$xpsychology$zAsia, Western.
=650  22$aHealth Education$xstandards$zAfghanistan.
=650  22$aHealth Education$xstandards$zAsia, Western.
=650  22$aHealth Knowledge, Attitudes, Practice$zAfghanistan.
=650  22$aHealth Knowledge, Attitudes, Practice$zAsia, Western.
=650  22$aHealth Promotion$xstandards$zAfghanistan.
=650  22$aHealth Promotion$xstandards$zAsia, Western.
=650  22$aInternational Cooperation$zAfghanistan.
=650  22$aInternational Cooperation$zAsia, Western.
=650  22$aPrejudice$zAfghanistan.
=650  22$aPrejudice$zAsia, Western.
=690  7\$aSocial Welfare$2blcoll
=700  1\$aStangl, Anne.
=710  2\$aWorld Bank.
=830  \0$aDirections in development (Washington, D.C.).$pHuman development.
=852  41$aBritish Library$bHMNTS$jYK.2011.a.30346
=852  41$aBritish Library$bHMNTS
=856  41$uhttp://siteresources.worldbank.org/SOUTHASIAEXT/Resources/223546-1192413140459/4281804-1231540815570/5730961-1235157216166/5849907-1279637337320/Tackling_HIV_Stigma_July_2010.pdf$zfull report online
=BUF  \\$aN2$d20101020
=CAT  \\$a11002$b40$c20101020$lBLL01$h1132
=CAT  \\$aBATCH-BUOC$b00$c20110203$lBLL01$h2232
=CAT  \\$aBATCH-UPD$b00$c20110422$lBLL01$h2031
=CAT  \\$a5375$b40$c20110919$lBLL01$h1151
=CAT  \\$aBATCH-SWP$c20111001$lBLL01$h0056
=CAT  \\$aBATCH$b00$c20160608$lBLL01$h1618
=CAT  \\$aWR16_021$c20160609$lBLL01$h1446
=FIN  \\$aY$d20101020
=FMT  \\$a  BK
=LAS  \\$aWR16_021$b00$c20160609$lBLL01$h1446
=SRC  \\$aBLL02

