=LDR  03893cai a2200925 a 4500
=001  007197629
=003  Uk
=005  20221231182535.0
=006  m\\\\\\\\d\|\\\\\\
=007  cr||||||||||||
=008  040416c19689999xxuuu\d\saai\\0\\\a2eng\\
=015  \\$aGBA537647$2bnb
=022  0\$a1551-1685
=040  \\$aUk$beng$cUk$dUk
=042  \\$aukblsr
=082  04$a364$222
=130  0\$aCriminal justice abstracts (Online)
=222  \0$aCriminal justice abstracts$b(Online)
=245  10$aCriminal justice abstracts$h[electronic resource].
=260  \\$a[New York, N.Y. ;$aLondon :$bOvid Technologies]
=336  \\$atext$2rdacontent
=337  \\$acomputer$2rdamedia
=338  \\$aonline resource$2rdacarrier
=500  \\$aTitle from database selection screen (viewed on 19 May 2005).
=520  \\$aIndexes journal articles, books and reports from 1968 on all aspects of criminology and criminal justice, including crime prevention, juvenile delinquency, police, courts and punishment.
=530  \\$aAlso issued in print and CD-ROM editions.
=538  \\$aMode of access: World Wide Web.
=540  \\$aCurrent Copyright Fee: GBP25.00$c0$5Uk
=650  \0$aCriminal justice, Administration of$vAbstracts.
=650  \0$aCriminal justice, Administration of$vIndexes.
=650  \0$aCrime$vAbstracts.
=650  \0$aCrime$vIndexes.
=650  \0$aJurisprudence$vAbstracts.
=650  \0$aJurisprudence$vIndexes.
=690  7\$aSocial Welfare$2blcoll
=776  1\$tCriminal justice abstracts$x0146-9177
=776  1\$tCriminal justice absracts (CD-ROM)
=852  41$aBritish Library$bSTI$je-media
=852  41$aBritish Library$bHMNTS
=856  40$uhttp://web5.silverplatter.com/webspirs/start.ws
=A02  \\$a1446496$z46496
=ACF  \\$aPrevious Copyright Fee: zero$c103\0$e13-feb-2014$fGBP0.00$g0$hP$5Uk
=ACF  \\$aPrevious Copyright Fee: GBP12.30$c0$e08-mar-2016$fGBP12.30$g0$hA$5Uk
=ACF  \\$aPrevious Copyright Fee: GBP15.00$c0$e01-jan-2017$fGBP15.00$g0$hA$5Uk
=ACF  \\$aPrevious Copyright Fee: GBP17.50$c0$e01-jan-2018$fGBP17.50$g0$hA$5Uk
=ACF  \\$aPrevious Copyright Fee: GBP20.00$c0$e01-jan-2020$fGBP20.00$g0$hA$5Uk
=CAT  \\$aCONV$b00$c20040425$lBLL90$h0713
=CAT  \\$aBATCH$b00$c20091207$lBLL01$h0417
=CAT  \\$aBATCH$b00$c20091214$lBLL01$h0223
=CAT  \\$aBATCH$b00$c20091216$lBLL01$h0042
=CAT  \\$aBATCH$b00$c20110625$lBLL01$h0521
=CAT  \\$aBATCH-SWP4$c20110627$lBLL01$h1604
=CAT  \\$a3072$b40$c20120316$lBLL01$h1258
=CAT  \\$aBATCH-UPD$b40$c20131021$lBLL01$h1141
=CAT  \\$a5552$b40$c20140213$lBLL01$h1133
=CAT  \\$a8874$b40$c20140723$lBLL01$h1040
=CAT  \\$aWR14_140$c20140905$lBLL01$h1714
=CAT  \\$aBLDSS-3PM$b00$c20141208$lBLL01$h1622
=CAT  \\$a8874$b40$c20141209$lBLL01$h0810
=CAT  \\$a3072$b40$c20150910$lBLL01$h1129
=CAT  \\$a5552$b40$c20160308$lBLL01$h1353
=CAT  \\$aBATCH-CLA$b00$c20161222$lBLL01$h1655
=CAT  \\$aIPL-CLA$c20161230$lBLL01$h1804
=CAT  \\$aBATCH-CLA$b00$c20171222$lBLL01$h1950
=CAT  \\$aIPL-CLA$c20171231$lBLL01$h1340
=CAT  \\$aBATCH-CLA$b00$c20191219$lBLL01$h1620
=CAT  \\$aIPL-CLA$c20191231$lBLL01$h1714
=CAT  \\$aR2001-1524$c20200127$lBLL01$h1922
=CAT  \\$aBATCH-CLA$b00$c20201204$lBLL01$h1415
=CAT  \\$aIPL-CLA$c20201231$lBLL01$h1909
=CAT  \\$aBATCH-CLA$b00$c20221221$lBLL01$h1718
=CAT  \\$aIPL-CLA$c20221231$lBLL01$h1825
=CFI  0\$aCurrent Copyright Fee: GBP25.00$c0$e01-jan-2023$fGBP25.00$g0$hA$5Uk
=CFI  2\$aPrevious Copyright Fee: GBP22.50$c0$e01-jan-2021$fGBP22.50$g0$hA$5Uk
=FIN  \\$aY$d20050714
=FMT  \\$a  SE
=LAS  \\$aIPL-CLA$b00$c20221231$lBLL01$h1825
=LKR  \\$aPAR$b008583937$lBLL01$r776$mCriminal justice abstracts (Online)$nCriminal justice abstracts (Print)
=SRC  \\$aDSS03$bbibsr.200404.2.aa
=TCO  \\$aTRS$bCCC$c008

