=LDR  02385 ai a2200625 a 4500
=001  005599208
=003  Uk
=005  20120601111610.0
=006  m\\\\\\\\d\|\\\\\\
=007  cr||||||||||||
=008  031105c20009999enk||\d\s\\\\\0\\\|2eng\\
=015  \\$aGBA344930$2bnb
=019  c\$a3007536
=019  y\$abA344930
=019  9\$abA344930
=039  0\$a2767
=040  \\$aUk$cUk$dUk
=082  04$a363.110941$221
=130  0\$aOSH plus (Online)
=245  10$aOSH plus$h[electronic resource].
=260  \\$a[New York, N.Y. ;$aLondon (Merlin House, 20 Belmont Terrace, Chiswick, W4 5UG) :$bOvid Technologies]
=336  \\$atext$2rdacontent
=337  \\$acomputer$2rdamedia
=338  \\$aonline resource$2rdacarrier
=500  \\$aTitle from database selection screen (viewed on 18 June 2003).
=505  0\$aIncludes various OHS-ROM files: Croner OHS plus online (A-E), Newly archived OHS plus online, and: Croner OHS plus online archive.
=520  \\$aProvides full text coverage of EU and UK occupational safety and health legislation. Includes legal guidance published by the Stationery Office, the Health and Safety Executive and other government bodies and agencies.
=530  \\$aAlso available on CD-ROM.
=538  \\$aMode of access: World Wide Web.
=650  \0$aIndustrial hygiene$zGreat Britain.
=650  \0$aIndustrial hygiene$zEuropean Union countries.
=650  \0$aIndustrial safety$zGreat Britain.
=650  \0$aIndustrial safety$zEuropean Union countries.
=710  2\$aOvid Technologies, Inc.
=740  0\$aCroner OHS plus online.
=852  41$aBritish Library$bDSC$j6300.576000
=852  41$aBritish Library$bSTI
=856  40$uhttp://web5silverplatter.com/webspirs/start.ws
=945  \\$aOSH PLUS -ONLINE-.
=959  \\$fHeld but not currently received
=985  \\$aRecord merged by DQ team
=CAT  \\$aCONV$b00$c20040502$lBLL01$h1111
=CAT  \\$a6550$b40$c20051228$lBLL01$h1446
=CAT  \\$a3072$b40$c20120316$lBLL01$h1005
=CAT  \\$a8335$b40$c20120601$lBLL01$h1116
=CAT  \\$aWR13.005$c20130322$lBLL01$h1936
=CAT  \\$aWR14_140$c20140905$lBLL01$h1707
=FIN  \\$aY
=FMT  \\$a  SE
=LAS  \\$aWR14_140$b00$c20140905$lBLL01$h1707
=LEO  \\$aMP5.0000022967
=LEO  \\$aMP10.0000425330
=SRC  \\$aDSS01$bbibmp10.200404.2.aa
=SRC  \\$aBNB03$bbibmp5.200404.2.aa
=TCO  \\$aCLA$bCLA$c008

